@Manual{AAAA,
title = {StackOverFlow },
author = {},    
note = {Available at \url{http://stackoverflow.com/}}
}

@Manual{BBBB,
title = {ShareLatex },
author = {},    
note = {Available at \url{https://www.sharelatex.com/}}
}

@Manual{CCCC,
title = {project-CS251 },
author = {DharmaTeja},    
note = {Available at \url{https://www.youtube.com/watch?v=T4tV6x1vq6M}}
}

@Manual{DDDD,
title = {project-CS251 },
author = {KaturiSaiKiran},    
note = {Available at \url{https://www.youtube.com/watch?v=rs6J7KdVKmQ}}
}

@Manual{EEEE,
title = {Wikipedia },
author = {},    
note = {Available at \url{https://en.wikibooks.org/wiki/LaTeX/}}
}

@Manual{FFFF,
title = {Bibtex },
author = {},    
note = {Available at \url{http://www.bibtex.org/Using/}}
}
